<?xml version="1.0" encoding="UTF-8"?>
<record>
  <leader>00770nam#a2200265#ca4500</leader>
  <controlfield tag="005">20210408201020.0</controlfield>
  <controlfield tag="007">tu</controlfield>
  <controlfield tag="008">060512|########xx############|||#|#####c</controlfield>
  <controlfield tag="003">DE-605</controlfield>
  <controlfield tag="001">990149227870206441</controlfield>
  <datafield tag="016" ind1="7" ind2=" ">
    <subfield code="a">1073537267</subfield>
    <subfield code="2">OCoLC</subfield>
  </datafield>
  <datafield tag="035" ind1=" " ind2=" ">
    <subfield code="a">(DE-605)TT001838393</subfield>
  </datafield>
  <datafield tag="040" ind1=" " ind2=" ">
    <subfield code="a">Kn 28</subfield>
    <subfield code="b">ger</subfield>
    <subfield code="c">Kn 28</subfield>
    <subfield code="e">rakwb</subfield>
  </datafield>
  <datafield tag="090" ind1=" " ind2=" ">
    <subfield code="f">b</subfield>
  </datafield>
  <datafield tag="245" ind1="0" ind2="0">
    <subfield code="a">&lt;&lt;Il&gt;&gt; concilio, venti anni dopo</subfield>
  </datafield>
  <datafield tag="264" ind1=" " ind2="1">
    <subfield code="a">Roma</subfield>
    <subfield code="b">Ed. A.V.E.</subfield>
  </datafield>
  <datafield tag="490" ind1="0" ind2=" ">
    <subfield code="a">Saggi</subfield>
    <subfield code="v">...</subfield>
  </datafield>
  <datafield tag="500" ind1=" " ind2=" ">
    <subfield code="a">Erschienen: Vol. 1(1984) - 3(1986)</subfield>
    <subfield code="9">F:501</subfield>
  </datafield>
  <datafield tag="689" ind1="0" ind2="0">
    <subfield code="a">Vatikanisches Konzil</subfield>
    <subfield code="n">2.</subfield>
    <subfield code="d">1962-1965</subfield>
    <subfield code="c">Vatikanstadt</subfield>
    <subfield code="D">f</subfield>
    <subfield code="0">(DE-588)2024460-5</subfield>
    <subfield code="B">GND-004817613</subfield>
  </datafield>
  <datafield tag="689" ind1="0" ind2="1">
    <subfield code="a">Rezeption</subfield>
    <subfield code="D">s</subfield>
    <subfield code="0">(DE-588)4049716-1</subfield>
    <subfield code="B">GND-04049716X</subfield>
  </datafield>
  <datafield tag="689" ind1="0" ind2="2">
    <subfield code="a">Geschichte</subfield>
    <subfield code="A">z</subfield>
  </datafield>
  <datafield tag="964" ind1="0" ind2="s">
    <subfield code="F">030</subfield>
    <subfield code="A">a|1uc||||||37</subfield>
  </datafield>
  <datafield tag="964" ind1="0" ind2="s">
    <subfield code="F">050</subfield>
    <subfield code="A">a|a|||||||||||</subfield>
  </datafield>
  <datafield tag="964" ind1="0" ind2="s">
    <subfield code="F">051</subfield>
    <subfield code="A">t|||||||</subfield>
  </datafield>
  <datafield tag="035" ind1=" " ind2=" ">
    <subfield code="a">(OCoLC)1073537267</subfield>
  </datafield>
  <datafield tag="MBD" ind1=" " ind2=" ">
    <subfield code="M">49HBZ_NETWORK</subfield>
    <subfield code="i">990149227870206441</subfield>
    <subfield code="n">HBZ Network</subfield>
  </datafield>
  <datafield tag="MBD" ind1=" " ind2=" ">
    <subfield code="M">49HBZ_EDK</subfield>
    <subfield code="i">990001529380108971</subfield>
    <subfield code="n">Erzbischöfliche Diözesan- und Dombibliothek (EDK) - Bibliothek des Priesterseminars (BPS)</subfield>
  </datafield>
  <datafield tag="MNG" ind1=" " ind2=" ">
    <subfield code="c">System</subfield>
    <subfield code="f">ILS</subfield>
    <subfield code="i">marc21</subfield>
    <subfield code="l">37</subfield>
    <subfield code="k">01</subfield>
    <subfield code="e">false</subfield>
    <subfield code="d">2024-12-19 05:11:08 Europe/Berlin</subfield>
    <subfield code="g">014922787-HBZ01</subfield>
    <subfield code="j">60</subfield>
    <subfield code="a">import</subfield>
    <subfield code="b">2021-04-06 04:32:33 Europe/Berlin</subfield>
  </datafield>
  <datafield tag="H52" ind1="0" ind2=" ">
    <subfield code="b">UEBO</subfield>
    <subfield code="c">UEBO</subfield>
    <subfield code="8">2271833830008971</subfield>
  </datafield>
  <datafield tag="HOL" ind1=" " ind2=" ">
    <subfield code="d">2024-11-27 08:37:41</subfield>
    <subfield code="8">2271833830008971</subfield>
    <subfield code="b">2024-09-10 16:00:34</subfield>
    <subfield code="M">49HBZ_EDK</subfield>
    <subfield code="g">false</subfield>
    <subfield code="a">import</subfield>
    <subfield code="c">System</subfield>
  </datafield>
  <datafield tag="H52" ind1=" " ind2=" ">
    <subfield code="b">ED001</subfield>
    <subfield code="c">D-M-A</subfield>
    <subfield code="h">Eba 6162</subfield>
    <subfield code="8">2271833850008971</subfield>
  </datafield>
  <datafield tag="HOL" ind1=" " ind2=" ">
    <subfield code="b">2024-09-10 16:00:34</subfield>
    <subfield code="8">2271833850008971</subfield>
    <subfield code="M">49HBZ_EDK</subfield>
    <subfield code="g">false</subfield>
    <subfield code="a">import</subfield>
  </datafield>
  <datafield tag="ITM" ind1=" " ind2=" ">
    <subfield code="H">2271833850008971</subfield>
    <subfield code="x">D-M-A</subfield>
    <subfield code="f">BOOK</subfield>
    <subfield code="v">D-M-A</subfield>
    <subfield code="p">10</subfield>
    <subfield code="X">System</subfield>
    <subfield code="U">1995-03-10 11:59:00 Europe/Berlin</subfield>
    <subfield code="Y">2024-09-10 18:01:34 Europe/Berlin</subfield>
    <subfield code="h">false</subfield>
    <subfield code="n">Eba 6162</subfield>
    <subfield code="M">49HBZ_EDK</subfield>
    <subfield code="s">1</subfield>
    <subfield code="d">#</subfield>
    <subfield code="V">import</subfield>
    <subfield code="L">Leinen 3</subfield>
    <subfield code="b">ZZ138291-10</subfield>
    <subfield code="a">2371833840008971</subfield>
    <subfield code="c">Eba 6162</subfield>
    <subfield code="B">98/0231 (1-3)</subfield>
    <subfield code="D">20020622</subfield>
    <subfield code="W">1995-03-10 01:00:00 Europe/Berlin</subfield>
    <subfield code="u">ED001</subfield>
    <subfield code="w">ED001</subfield>
  </datafield>
  <datafield tag="GST" ind1=" " ind2=" ">
    <subfield code="a">Fortwirken</subfield>
    <subfield code="A">GND</subfield>
    <subfield code="B">GND-04049716X</subfield>
    <subfield code="C">450</subfield>
  </datafield>
  <datafield tag="GST" ind1=" " ind2=" ">
    <subfield code="a">Nachwirkung</subfield>
    <subfield code="g">Rezeption</subfield>
    <subfield code="A">GND</subfield>
    <subfield code="B">GND-04049716X</subfield>
    <subfield code="C">450</subfield>
  </datafield>
  <datafield tag="GST" ind1=" " ind2=" ">
    <subfield code="a">Nachleben</subfield>
    <subfield code="A">GND</subfield>
    <subfield code="B">GND-04049716X</subfield>
    <subfield code="C">450</subfield>
  </datafield>
  <datafield tag="GST" ind1=" " ind2=" ">
    <subfield code="a">Wirkungsgeschichte</subfield>
    <subfield code="A">GND</subfield>
    <subfield code="B">GND-04049716X</subfield>
    <subfield code="C">450</subfield>
  </datafield>
  <datafield tag="GST" ind1=" " ind2=" ">
    <subfield code="a">Aneignung</subfield>
    <subfield code="g">Rezeption</subfield>
    <subfield code="A">GND</subfield>
    <subfield code="B">GND-04049716X</subfield>
    <subfield code="C">450</subfield>
  </datafield>
  <datafield tag="GSI" ind1="7" ind2=" ">
    <subfield code="a">4049716-1</subfield>
    <subfield code="0">http://d-nb.info/gnd/4049716-1</subfield>
    <subfield code="2">gnd</subfield>
    <subfield code="A">GND</subfield>
    <subfield code="B">GND-04049716X</subfield>
    <subfield code="C">024</subfield>
  </datafield>
  <datafield tag="GKS" ind1="2" ind2=" ">
    <subfield code="a">Concilium Vaticanum</subfield>
    <subfield code="n">2.</subfield>
    <subfield code="d">1962-1965</subfield>
    <subfield code="c">Vatikanstadt</subfield>
    <subfield code="A">GND</subfield>
    <subfield code="B">GND-004817613</subfield>
    <subfield code="C">411</subfield>
  </datafield>
  <datafield tag="GKS" ind1="2" ind2=" ">
    <subfield code="a">Zweites Vatikanisches Konzil</subfield>
    <subfield code="d">1962-1965</subfield>
    <subfield code="c">Vatikanstadt</subfield>
    <subfield code="A">GND</subfield>
    <subfield code="B">GND-004817613</subfield>
    <subfield code="C">411</subfield>
  </datafield>
  <datafield tag="GKS" ind1="2" ind2=" ">
    <subfield code="a">Vatikanum</subfield>
    <subfield code="n">2.</subfield>
    <subfield code="d">1962-1965</subfield>
    <subfield code="c">Vatikanstadt</subfield>
    <subfield code="A">GND</subfield>
    <subfield code="B">GND-004817613</subfield>
    <subfield code="C">411</subfield>
  </datafield>
  <datafield tag="GKS" ind1="2" ind2=" ">
    <subfield code="a">Vaticanum</subfield>
    <subfield code="n">2.</subfield>
    <subfield code="d">1962-1965</subfield>
    <subfield code="c">Vatikanstadt</subfield>
    <subfield code="A">GND</subfield>
    <subfield code="B">GND-004817613</subfield>
    <subfield code="C">411</subfield>
  </datafield>
  <datafield tag="GKS" ind1="2" ind2=" ">
    <subfield code="a">Vatikanum</subfield>
    <subfield code="n">II</subfield>
    <subfield code="d">1962-1965</subfield>
    <subfield code="c">Vatikanstadt</subfield>
    <subfield code="A">GND</subfield>
    <subfield code="B">GND-004817613</subfield>
    <subfield code="C">411</subfield>
  </datafield>
  <datafield tag="GKS" ind1="2" ind2=" ">
    <subfield code="a">Vaticanum</subfield>
    <subfield code="n">II</subfield>
    <subfield code="d">1962-1965</subfield>
    <subfield code="c">Vatikanstadt</subfield>
    <subfield code="A">GND</subfield>
    <subfield code="B">GND-004817613</subfield>
    <subfield code="C">411</subfield>
  </datafield>
  <datafield tag="GKS" ind1="2" ind2=" ">
    <subfield code="a">Vatikanisches Ökumenisches Konzil</subfield>
    <subfield code="n">2.</subfield>
    <subfield code="d">1962-1965</subfield>
    <subfield code="c">Vatikanstadt</subfield>
    <subfield code="A">GND</subfield>
    <subfield code="B">GND-004817613</subfield>
    <subfield code="C">411</subfield>
  </datafield>
  <datafield tag="GKS" ind1="2" ind2=" ">
    <subfield code="a">Vatikanisches Oekumenisches Konzil</subfield>
    <subfield code="n">2.</subfield>
    <subfield code="d">1962-1965</subfield>
    <subfield code="c">Vatikanstadt</subfield>
    <subfield code="A">GND</subfield>
    <subfield code="B">GND-004817613</subfield>
    <subfield code="C">411</subfield>
  </datafield>
  <datafield tag="GKS" ind1="2" ind2=" ">
    <subfield code="a">Sacrosanctum Concilium Oecumenicum Vaticanum</subfield>
    <subfield code="n">2.</subfield>
    <subfield code="d">1962-1965</subfield>
    <subfield code="c">Vatikanstadt</subfield>
    <subfield code="A">GND</subfield>
    <subfield code="B">GND-004817613</subfield>
    <subfield code="C">411</subfield>
  </datafield>
  <datafield tag="GKS" ind1="2" ind2=" ">
    <subfield code="a">Concilium Oecumenicum Vaticanum</subfield>
    <subfield code="n">2.</subfield>
    <subfield code="d">1962-1965</subfield>
    <subfield code="c">Vatikanstadt</subfield>
    <subfield code="A">GND</subfield>
    <subfield code="B">GND-004817613</subfield>
    <subfield code="C">411</subfield>
  </datafield>
  <datafield tag="GKS" ind1="2" ind2=" ">
    <subfield code="a">Concilio Vaticano</subfield>
    <subfield code="n">2.</subfield>
    <subfield code="d">1962-1965</subfield>
    <subfield code="c">Vatikanstadt</subfield>
    <subfield code="A">GND</subfield>
    <subfield code="B">GND-004817613</subfield>
    <subfield code="C">411</subfield>
  </datafield>
  <datafield tag="GKS" ind1="2" ind2=" ">
    <subfield code="a">Concilio Ecumenico Vaticano</subfield>
    <subfield code="n">2.</subfield>
    <subfield code="d">1962-1965</subfield>
    <subfield code="c">Vatikanstadt</subfield>
    <subfield code="A">GND</subfield>
    <subfield code="B">GND-004817613</subfield>
    <subfield code="C">411</subfield>
  </datafield>
  <datafield tag="GKS" ind1="2" ind2=" ">
    <subfield code="a">Vatican</subfield>
    <subfield code="n">2.</subfield>
    <subfield code="d">1962-1965</subfield>
    <subfield code="c">Vatikanstadt</subfield>
    <subfield code="A">GND</subfield>
    <subfield code="B">GND-004817613</subfield>
    <subfield code="C">411</subfield>
  </datafield>
  <datafield tag="GKS" ind1="2" ind2=" ">
    <subfield code="a">Vatican Council</subfield>
    <subfield code="n">2.</subfield>
    <subfield code="d">1962-1965</subfield>
    <subfield code="c">Vatikanstadt</subfield>
    <subfield code="A">GND</subfield>
    <subfield code="B">GND-004817613</subfield>
    <subfield code="C">411</subfield>
  </datafield>
  <datafield tag="GKS" ind1="2" ind2=" ">
    <subfield code="a">Concile du Vatican</subfield>
    <subfield code="n">2.</subfield>
    <subfield code="d">1962-1965</subfield>
    <subfield code="c">Vatikanstadt</subfield>
    <subfield code="A">GND</subfield>
    <subfield code="B">GND-004817613</subfield>
    <subfield code="C">411</subfield>
  </datafield>
  <datafield tag="GKS" ind1="2" ind2=" ">
    <subfield code="a">Concile Vatican</subfield>
    <subfield code="n">2.</subfield>
    <subfield code="d">1962-1965</subfield>
    <subfield code="c">Vatikanstadt</subfield>
    <subfield code="A">GND</subfield>
    <subfield code="B">GND-004817613</subfield>
    <subfield code="C">411</subfield>
  </datafield>
  <datafield tag="GKS" ind1="2" ind2=" ">
    <subfield code="a">Sobór Watykański</subfield>
    <subfield code="n">2.</subfield>
    <subfield code="d">1962-1965</subfield>
    <subfield code="c">Vatikanstadt</subfield>
    <subfield code="A">GND</subfield>
    <subfield code="B">GND-004817613</subfield>
    <subfield code="C">411</subfield>
  </datafield>
  <datafield tag="GKS" ind1="2" ind2=" ">
    <subfield code="a">Vaticano</subfield>
    <subfield code="n">2.</subfield>
    <subfield code="d">1962-1965</subfield>
    <subfield code="c">Vatikanstadt</subfield>
    <subfield code="A">GND</subfield>
    <subfield code="B">GND-004817613</subfield>
    <subfield code="C">411</subfield>
  </datafield>
  <datafield tag="GKS" ind1="2" ind2=" ">
    <subfield code="a">Vatikanskij Sobor</subfield>
    <subfield code="n">2.</subfield>
    <subfield code="d">1962-1965</subfield>
    <subfield code="c">Vatikanstadt</subfield>
    <subfield code="A">GND</subfield>
    <subfield code="B">GND-004817613</subfield>
    <subfield code="C">411</subfield>
  </datafield>
  <datafield tag="GKS" ind1="2" ind2=" ">
    <subfield code="a">Vatikanski Koncil</subfield>
    <subfield code="n">2.</subfield>
    <subfield code="d">1962-1965</subfield>
    <subfield code="c">Vatikanstadt</subfield>
    <subfield code="A">GND</subfield>
    <subfield code="B">GND-004817613</subfield>
    <subfield code="C">411</subfield>
  </datafield>
  <datafield tag="GKS" ind1="2" ind2=" ">
    <subfield code="a">Vatikano Susirinkimas</subfield>
    <subfield code="n">2.</subfield>
    <subfield code="d">1962-1965</subfield>
    <subfield code="c">Vatikanstadt</subfield>
    <subfield code="A">GND</subfield>
    <subfield code="B">GND-004817613</subfield>
    <subfield code="C">411</subfield>
  </datafield>
  <datafield tag="GSI" ind1="7" ind2=" ">
    <subfield code="a">2024460-5</subfield>
    <subfield code="0">http://d-nb.info/gnd/2024460-5</subfield>
    <subfield code="2">gnd</subfield>
    <subfield code="A">GND</subfield>
    <subfield code="B">GND-004817613</subfield>
    <subfield code="C">024</subfield>
  </datafield>
</record>
